
@book{symfony,
	author={Wojciech Bancer},
	title={Symfony2 Essentials},
	year={2015},
	isbn={9781784398767},
	publisher={Packt Publishing}
}

@book{mysql,
	author={Timothy Boronczyk},
	title={Jump Start MySQL},
	year={2015},
	isbn={9780992461287},
	publisher={SitePoint}
}

@book{androidprogramming,
	author={Jerome F. DiMarzio},
	title={Beginning Android Programming with Android Studio, Fourth Edition},
	year={2016},
	isbn={9781118705599},
	publisher={John Wiley \& Sons}
}

@misc{veszprembusz,
 title={Veszprémi buszmenetrend alkalmazás},
 url={https://play.google.com/store/apps/details?id=com.mapsforge.weiniapps.veszprem_helyijarat_menetrend}
}

@misc{bambusz,
 title={BamBusz Online tömegközlekedési segítség},
 url={https://pandabufe.hu/bambusz/}
}

@misc{enykk,
 title={Észak-nyugat-magyarországi Közlekedési Központ},
 url={http://www.enykk.hu/}
}

@misc{maps,
 title={Google Maps},
 url={https://www.google.hu/maps}
}

@misc{kozlekedesihalozat,
 title={Veszprém közlekedési hálózata},
 url={http://veszpreminfo.hu/record/hasznos-informaciok-parkolas}
}

@misc{symfonyframework,
 title={Symfony framework},
 url={http://symfony.com/app.php/doc/2.8/index.html}
}




